<record><leader>00000cas a22000007a 4500</leader><controlfield tag="001">11994628</controlfield><controlfield tag="008">850503d18591860wiuwr ne      0    0eng d</controlfield><datafield ind1=" " ind2=" " tag="010"><subfield code="a">sn 85040454 </subfield></datafield><datafield ind1=" " ind2=" " tag="040"><subfield code="a">NPV</subfield><subfield code="b">eng</subfield><subfield code="c">NPV</subfield><subfield code="d">OCLCQ</subfield></datafield><datafield ind1=" " ind2=" " tag="042"><subfield code="a">msc</subfield></datafield><datafield ind1=" " ind2=" " tag="045"><subfield code="a">w5w6</subfield></datafield><datafield ind1=" " ind2=" " tag="052"><subfield code="a">4123</subfield><subfield code="b">V4</subfield></datafield><datafield ind1="0" ind2="0" tag="245"><subfield code="a">Viroqua expositor and Badax reporter.</subfield></datafield><datafield ind1="1" ind2="3" tag="246"><subfield code="a">Viroqua expositor</subfield></datafield><datafield ind1="1" ind2="3" tag="246"><subfield code="a">Expositor and reporter</subfield></datafield><datafield ind1="1" ind2="7" tag="246"><subfield code="a">Viroqua expositor and reporter</subfield></datafield><datafield ind1=" " ind2=" " tag="260"><subfield code="a">Viroqua, Wis. :</subfield><subfield code="b">O.C. &amp; J. Smith,</subfield><subfield code="c">1859-</subfield></datafield><datafield ind1=" " ind2=" " tag="300"><subfield code="a">v.</subfield></datafield><datafield ind1=" " ind2=" " tag="310"><subfield code="a">Weekly</subfield></datafield><datafield ind1="0" ind2=" " tag="362"><subfield code="a">Vol. 1, no. 52 (Aug. 27, 1857 [i.e. 1859])-</subfield></datafield><datafield ind1="1" ind2=" " tag="362"><subfield code="a">Ceased in 1859 or 1860.</subfield></datafield><datafield ind1=" " ind2=" " tag="500"><subfield code="a">Editor: O.C. Smith.</subfield></datafield><datafield ind1=" " ind2=" " tag="530"><subfield code="a">Available on microfilm from The State Historical Society of Wisconsin.</subfield></datafield><datafield ind1=" " ind2=" " tag="580"><subfield code="a">Continued by: Viroqua expositor?</subfield></datafield><datafield ind1=" " ind2=" " tag="752"><subfield code="a">United States</subfield><subfield code="b">Wisconsin</subfield><subfield code="c">Vernon</subfield><subfield code="d">Viroqua.</subfield></datafield><datafield ind1="0" ind2="0" tag="780"><subfield code="t">Viroqua expositor (Viroqua, Wis. : 1858)</subfield><subfield code="w">(DLC)sn 85040455</subfield></datafield><datafield ind1="1" ind2="0" tag="785"><subfield code="t">Viroqua expositor (Viroqua, Wis. : 1859)</subfield><subfield code="w">(DLC)sn 85040453</subfield></datafield><datafield ind1="1" ind2=" " tag="029"><subfield code="a">AU@</subfield><subfield code="b">000025801101</subfield></datafield></record>